@inproceedings{patro2011system,
  title={A system for audio signalling based NAT Traversal},
  author={Patro, A. and Ma, Y. and Panahi, F. and Walker, J. and Banerjee, S.},
  booktitle={Communication Systems and Networks (COMSNETS), 2011 Third International Conference on},
  pages={1--10},
  year={2011},
  organization={IEEE}
}

@inproceedings{ormont2008city,
  title={A city-wide vehicular infrastructure for wide-area wireless experimentation},
  author={Ormont, J. and Walker, J. and Banerjee, S. and Sridharan, A. and Seshadri, M. and Machiraju, S.},
  booktitle={Proceedings of the third ACM international workshop on Wireless network testbeds, experimental evaluation and characterization},
  pages={3--10},
  year={2008},
  organization={ACM}
}

@article{ormont2008continuous,
  title={Continuous monitoring of wide-area wireless networks: data collection and visualization},
  author={Ormont, J. and Walker, J. and Banerjee, S.},
  journal={ACM SIGMETRICS Performance Evaluation Review},
  volume={36},
  number={2},
  pages={87--89},
  year={2008},
  publisher={ACM}
}

@book{blodgett2011description,
  title={Description and Testing of the Geo Data Portal: A Data Integration Framework and Web Processing Services for Environmental Science Collaboration},
  author={Blodgett, D.L.},
  year={2011},
  publisher={US Department of the Interior, US Geological Survey}
}

@article{blodgettdescription,
  title={Description of the US Geological Survey Geo Data Portal Data Integration Framework},
  author={Blodgett, D. and Booth, N. and Kunicki, T. and Walker, J. and Lucido, J.},
  publisher={IEEE}
}